@STRING(solp="Solar Physics")
@STRING(apjs="Astrophys. J. Suppl. Ser.")
@STRING(jgr="Journal of Geophysical  Research")
@STRING(araa="Annual Review of Astronomy and Astrophysics")
@STRING(aap="Astronomy and Astrophysics")
@STRING(aaps="Astronomy and Astrophysics Supplement")
@STRING(skytel="Sky and Telescope")
@STRING(aplett="Astrophysical Letters")
@STRING(jrasc="Journal of the Royal Astronomical Society of Canada")
@STRING(apj="Astrophysical Journal")
@STRING(planss="Planetary and Space Science ")
@STRING(aapr="Astronomy and Astrophysics Review")
@STRING(apjl="The Astrophysical Journal Letters")

@ARTICLE{2002.Reames,
   author = {{Reames}, D.~V. and {Ng}, C.~K.},
    title = "{Angular Distributions of Fe/O from Wind: New Insight into Solar Energetic Particle Transport}",
  journal = apjl,
 keywords = {Acceleration of Particles, Shock Waves, Sun: Abundances, Sun: Coronal Mass Ejections (CMEs), Sun: Particle Emission},
     year = 2002,
    month = sep,
   volume = 577,
    pages = {L59-L62},
      doi = {10.1086/344146},
   adsurl = {http://adsabs.harvard.edu/abs/2002ApJ...577L..59R},
  adsnote = {Provided by the SAO/NASA Astrophysics Data System}
}

@ARTICLE{2000.Kahler,
   author = {{Kahler}, S.~W. and {McAllister}, A.~H. and {Cane}, H.~V.},
    title = "{A Search for Interplanetary Energetic Particle Events from Solar Posteruptive Arcades}",
  journal = apj,
 keywords = {SUBJECT HEADINGS:MAGNETOHYDRODYNAMICS: MHD, SUN: CORONA, SUN: PARTICLE EMISSION},
     year = 2000,
    month = apr,
   volume = 533,
    pages = {1063-1070},
      doi = {10.1086/308680},
   adsurl = {http://adsabs.harvard.edu/abs/2000ApJ...533.1063K},
  adsnote = {Provided by the SAO/NASA Astrophysics Data System}
}


@ARTICLE{1987.Luhn,
   author = {{Luhn}, A. and {Klecker}, B. and {Hovestadt}, D. and {Moebius}, E.
    },
    title = "{The mean ionic charge of silicon in He-3-rich solar flares}",
  journal = apj,
 keywords = {HELIUM ISOTOPES, ION CHARGE, SILICON, SOLAR FLARES, INTERNATIONAL SUN EARTH EXPLORER 3, IRON, SOLAR TEMPERATURE},
     year = 1987,
    month = jun,
   volume = 317,
    pages = {951-955},
      doi = {10.1086/165343},
   adsurl = {http://adsabs.harvard.edu/abs/1987ApJ...317..951L},
  adsnote = {Provided by the SAO/NASA Astrophysics Data System}
}

@ARTICLE{1995.Reames,
   author = {{Reames}, D.~V.},
    title = "{Solar energetic particles: A paradigm shift}",
  journal = {Reviews of Geophysics},
 keywords = {Interplanetary Physics: Ejecta, driver gases, and magnetic clouds, Interplanetary Physics: Energetic particles, heliospheric, Interplanetary Physics: Energetic particles, solar, Solar Physics, Astrophysics, and Astronomy: Coronal mass ejections},
     year = 1995,
   volume = 33,
    pages = {585-590},
      doi = {10.1029/95RG00188},
   adsurl = {http://adsabs.harvard.edu/abs/1995RvGeo..33..585R},
  adsnote = {Provided by the SAO/NASA Astrophysics Data System}
}

@ARTICLE{1996.Smart,
   author = {{Smart}, D.~F. and {Shea}, M.~A.},
    title = "{The heliolongitudinal distribution of solar flares associated with solar proton events}",
  journal = {Advances in Space Research},
 keywords = {ENERGY DISTRIBUTION, PARTICLE TRAJECTORIES, PROPAGATION, RADIANT FLUX DENSITY, SOLAR FLARES, SOLAR LONGITUDE, SOLAR PROTONS, ALGORITHMS, DATA CORRELATION, NORMAL DENSITY FUNCTIONS, SAMPLING},
     year = 1996,
   volume = 17,
    pages = {113-},
      doi = {10.1016/0273-1177(95)00520-O},
   adsurl = {http://adsabs.harvard.edu/abs/1996AdSpR..17..113S},
  adsnote = {Provided by the SAO/NASA Astrophysics Data System}
}

@ARTICLE{2007.Cliver,
   author = {{Cliver}, E.~W. and {Ling}, A.~G.},
    title = "{Electrons and Protons in Solar Energetic Particle Events}",
  journal = apj,
 keywords = {Acceleration of Particles, Shock Waves, Sun: Flares, Sun: Particle Emission},
     year = 2007,
    month = apr,
   volume = 658,
    pages = {1349-1356},
      doi = {10.1086/511737},
   adsurl = {http://adsabs.harvard.edu/abs/2007ApJ...658.1349C},
  adsnote = {Provided by the SAO/NASA Astrophysics Data System}
}

@ARTICLE{2006.Thompson,
   author = {{Thompson}, W.~T.},
    title = "{Coordinate systems for solar image data}",
  journal = aap,
 keywords = {standards, Sun: general, techniques: image processing, astronomical data bases: miscellaneous, methods: data analysis},
     year = 2006,
    month = apr,
   volume = 449,
    pages = {791-803},
      doi = {10.1051/0004-6361:20054262},
   adsurl = {http://adsabs.harvard.edu/abs/2006A%26A...449..791T},
  adsnote = {Provided by the SAO/NASA Astrophysics Data System}
}

@ARTICLE{2004.Reames,
   author = {{Reames}, D.~V.},
    title = "{Solar energetic particle variations}",
  journal = {Advances in Space Research},
 keywords = {Solar energetic particles, Solar particle events, Particle acceleration, Coronal mass ejections},
     year = 2004,
   volume = 34,
    pages = {381-390},
      doi = {10.1016/j.asr.2003.02.046},
   adsurl = {http://adsabs.harvard.edu/abs/2004AdSpR..34..381R},
  adsnote = {Provided by the SAO/NASA Astrophysics Data System}
}

@ARTICLE{2006.Desai,
   author = {{Desai}, M.~I. and {Mason}, G.~M. and {Gold}, R.~E. and {Krimigis}, S.~M. and
    {Cohen}, C.~M.~S. and {Mewaldt}, R.~A. and {Mazur}, J.~E. and
    {Dwyer}, J.~R.},
    title = "{Heavy-Ion Elemental Abundances in Large Solar Energetic Particle Events and Their Implications for the Seed Population}",
  journal = apj,
 keywords = {Sun: Particle Emission},
     year = 2006,
    month = sep,
   volume = 649,
    pages = {470-489},
      doi = {10.1086/505649},
   adsurl = {http://adsabs.harvard.edu/abs/2006ApJ...649..470D},
  adsnote = {Provided by the SAO/NASA Astrophysics Data System}
}

@ARTICLE{2005.Belov,
   author = {{Belov}, A. and {Garcia}, H. and {Kurt}, V. and {Mavromichalaki}, H. and
    {Gerontidou}, M.},
    title = "{Proton Enhancements and Their Relation to the X-Ray Flares During the Three Last Solar Cycles}",
  journal = solp,
     year = 2005,
    month = jun,
   volume = 229,
    pages = {135-159},
      doi = {10.1007/s11207-005-4721-3},
   adsurl = {http://adsabs.harvard.edu/abs/2005SoPh..229..135B},
  adsnote = {Provided by the SAO/NASA Astrophysics Data System}
}

@ARTICLE{2004.Cliver,
   author = {{Cliver}, E.~W. and {Kahler}, S.~W. and {Reames}, D.~V.},
    title = "{Coronal Shocks and Solar Energetic Proton Events}",
  journal = apj,
 keywords = {Shock Waves, Sun: Corona, Sun: Particle Emission, Sun: Radio Radiation},
     year = 2004,
    month = apr,
   volume = 605,
    pages = {902-910},
      doi = {10.1086/382651},
   adsurl = {http://adsabs.harvard.edu/abs/2004ApJ...605..902C},
  adsnote = {Provided by the SAO/NASA Astrophysics Data System}
}

@ARTICLE{2007.Kahler,
   author = {{Kahler}, S.~W.},
    title = "{Solar Sources of Heliospheric Energetic Electron Events-Shocks or Flares?}",
  journal = {Space Science Reviews},
 keywords = {Acceleration of particles, Interplanetary medium, Sun: particle emission, Sun: radio radiation, Sun: coronal mass ejections},
     year = 2007,
    month = apr,
   volume = 129,
    pages = {359-390},
      doi = {10.1007/s11214-007-9143-0},
   adsurl = {http://adsabs.harvard.edu/abs/2007SSRv..129..359K},
  adsnote = {Provided by the SAO/NASA Astrophysics Data System}
}

@ARTICLE{1994.Reames,
   author = {{Reames}, D.~V. and {Meyer}, J.~P. and {von Rosenvinge}, T.~T.
    },
    title = "{Energetic-particle abundances in impulsive solar flare events}",
  journal = apjs,
 keywords = {ABUNDANCE, ENERGETIC PARTICLES, ISOTOPIC ENRICHMENT, PARTICLE EMISSION, SOLAR FLARES, CHEMICAL ELEMENTS, ELECTRON ENERGY, HEAVY IONS, INTERNATIONAL SUN EARTH EXPLORER 3, SPECTRAL SIGNATURES},
     year = 1994,
    month = feb,
   volume = 90,
    pages = {649-667},
      doi = {10.1086/191887},
   adsurl = {http://adsabs.harvard.edu/abs/1994ApJS...90..649R},
  adsnote = {Provided by the SAO/NASA Astrophysics Data System}
}

@ARTICLE{2006.Yashiro,
   author = {{Yashiro}, S. and {Akiyama}, S. and {Gopalswamy}, N. and {Howard}, R.~A.
    },
    title = "{Different Power-Law Indices in the Frequency Distributions of Flares with and without Coronal Mass Ejections}",
  journal = apjl,
   eprint = {arXiv:astro-ph/0609197},
 keywords = {Sun: Corona, Sun: Coronal Mass Ejections (CMEs), Sun: Flares},
     year = 2006,
    month = oct,
   volume = 650,
    pages = {L143-L146},
      doi = {10.1086/508876},
   adsurl = {http://adsabs.harvard.edu/abs/2006ApJ...650L.143Y},
  adsnote = {Provided by the SAO/NASA Astrophysics Data System}
}

@ARTICLE{2002.APJ.Reames,
   author = {{Reames}, D.~V.},
    title = "{Magnetic Topology of Impulsive and Gradual Solar Energetic Particle Events}",
  journal = apjl,
 keywords = {Acceleration of Particles, Shock Waves, Sun: Abundances, Sun: Corona, Sun: Particle Emission},
     year = 2002,
    month = may,
   volume = 571,
    pages = {L63-L66},
      doi = {10.1086/341149},
   adsurl = {http://adsabs.harvard.edu/abs/2002ApJ...571L..63R},
  adsnote = {Provided by the SAO/NASA Astrophysics Data System}
}

@ARTICLE{2003.Kallenrode,
   author = {{Kallenrode}, M.-B.},
    title = "{Current views on impulsive and gradual solar energetic particle events}",
  journal = {Journal of Physics G Nuclear Physics},
     year = 2003,
    month = may,
   volume = 29,
    pages = {965-981},
   adsurl = {http://adsabs.harvard.edu/abs/2003JPhG...29..965K},
  adsnote = {Provided by the SAO/NASA Astrophysics Data System}
}

@ARTICLE{2002.McKenna-Lawlor,
   author = {{McKenna-Lawlor}, S.~M.~P. and {Dryer}, M. and {Smith}, Z. and
    {Kecskemety}, K. and {Fry}, C.~D. and {Sun}, W. and {Deehr}, C.~S. and
    {Berdichevsky}, D. and {Kudela}, K. and {Zastenker}, G.},
    title = "{Arrival times of Flare/Halo CME associated shocks at the Earth: comparison of the predictions of three numerical models with these observations}",
  journal = {Annales Geophysicae},
     year = 2002,
    month = jul,
   volume = 20,
    pages = {917-935},
   adsurl = {http://adsabs.harvard.edu/abs/2002AnGeo..20..917M},
  adsnote = {Provided by the SAO/NASA Astrophysics Data System}
}

@ARTICLE{2006.Nitta,
   author = {{Nitta}, N.~V. and {Reames}, D.~V. and {DeRosa}, M.~L. and {Liu}, Y. and
    {Yashiro}, S. and {Gopalswamy}, N.},
    title = "{Solar Sources of Impulsive Solar Energetic Particle Events and Their Magnetic Field Connection to the Earth}",
  journal = apj,
     year = 2006,
    month = oct,
   volume = 650,
    pages = {438-450},
      doi = {10.1086/507442},
   adsurl = {http://adsabs.harvard.edu/abs/2006ApJ...650..438N},
  adsnote = {Provided by the SAO/NASA Astrophysics Data System}
}

@ARTICLE{2006.Wang,
   author = {{Wang}, Y.-M. and {Pick}, M. and {Mason}, G.~M.},
    title = "{Coronal Holes, Jets, and the Origin of $^{3}$He-rich Particle Events}",
  journal = apj,
     year = 2006,
    month = mar,
   volume = 639,
    pages = {495-509},
      doi = {10.1086/499355},
   adsurl = {http://adsabs.harvard.edu/abs/2006ApJ...639..495W},
  adsnote = {Provided by the SAO/NASA Astrophysics Data System}
}

@ARTICLE{2004.Olsson,
   author = {{Olsson}, A. and {Janhunen}, P. and {Karlsson}, T. and {Ivchenko}, N. and
    {Blomberg}, L.},
    title = "{Statistics of Joule heating in the auroral zone and polar cap using Astrid-2 satellite Poynting flux}",
  journal = {Annales Geophysicae},
     year = 2004,
    month = dec,
   volume = 22,
    pages = {4133-4142},
   adsurl = {http://adsabs.harvard.edu/abs/2004AnGeo..22.4133O},
  adsnote = {Provided by the SAO/NASA Astrophysics Data System}
}

@ARTICLE{2006.Rosenvinge,
   author = {{von Rosenvinge}, T. and {Cane}, H.~V.},
    title = "{Solar Energetic Particles: An Overview}",
  journal = {Solar Eruptions and Energetic Particles, ed.~N.~Gopalswamy, R.~Mewaldt, and J.~Torsti, Geophysical Monograph 165, 103-114},
 keywords = {SEPs, CMEs, solar flares, particle acceleration},
     year = 2006,
    month = oct,
   volume = 165,
    pages = {103-114},
   adsurl = {http://adsabs.harvard.edu/abs/2006AGUGM.165..103V},
  adsnote = {Provided by the SAO/NASA Astrophysics Data System}
}


@ARTICLE{2006.Klecker,
   author = {{Klecker}, B.},
    title = "{Solar Energetic Particle Composition}",
  journal = {Washington DC American Geophysical Union Geophysical Monograph Series},
     year = 2006,
   volume = 165,
    pages = {147-+},
   adsurl = {http://adsabs.harvard.edu/abs/2006GMS...165..147K},
  adsnote = {Provided by the SAO/NASA Astrophysics Data System}
}

@ARTICLE{2001.Kahler.AGU,
    author = {{Kahler}, S. W.},
    title = "{Origin and Properties of Solar Energetic Particles in Space}",
    journal = {Space Weather, ed.~P.~Song, H.~J.~Singer, and G.~L.~Siscone, Geophysical Monograph 125,109-122},
    year = 2001,
    volume = 125,
    pages = {109-122},
}

@ARTICLE{2001.Reames.AGU,
    author = {{Reames}, D.~V.},
    title = "{SEPs: Space Weather Hazard in Interplanetary Space}",
    journal = {Space Weather, ed.~P.~Song, H.~J.~Singer, and G.~L.~Siscone, Geophysical Monograph 125,101-107},
    year = 2001,
    volume = 125,
    pages = {101-107},
}

@article{1999.Balch,
    title = "SEC proton prediction model: verification and analysis",
    journal = "Radiation Measurements",
    volume = "30",
    number = "3",
    pages = "231 - 250",
    year = "1999",
    note = "",
    issn = "1350-4487",
    doi = "DOI: 10.1016/S1350-4487(99)00052-9",
    url = "http://www.sciencedirect.com/science/article/B6TVS-3XP0HBD-3/2/3488a957cdf7a0be431216e1fbd3b909",
    author = "Christopher C. Balch",
    keywords = "Solar flares",
    keywords = "Energetic particles",
    keywords = "Prediction",
    keywords = "Radiation hazard"
}

@ARTICLE{2008.Balch,
   author = {{Balch}, C.~C.},
    title = "{Updated verification of the Space Weather Prediction Center's solar energetic particle prediction model}",
  journal = {Space Weather},
 keywords = {Computational Geophysics: Neural networks, fuzzy logic, machine learning, Solar Physics, Astrophysics, and Astronomy: Energetic particles (2114), Space Weather: Forecasting (2722), Space Weather: Space radiation environment},
     year = 2008,
    month = jan,
   volume = 6,
    pages = {1001-+},
      doi = {10.1029/2007SW000337},
   adsurl = {http://adsabs.harvard.edu/abs/2008SpWea...601001B},
  adsnote = {Provided by the SAO/NASA Astrophysics Data System}
}

@ARTICLE{2009.Gerontidou,
   author = {{Gerontidou}, M. and {Mavromichalaki}, H. and {Belov}, A. and
    {Kurt}, V.},
    title = "{Solar proton enhancements in different energy channels and coronal mass ejections during the last solar cycle}",
  journal = {Advances in Space Research},
     year = 2009,
    month = feb,
   volume = 43,
    pages = {687-693},
      doi = {10.1016/j.asr.2008.10.023},
   adsurl = {http://adsabs.harvard.edu/abs/2009AdSpR..43..687G},
  adsnote = {Provided by the SAO/NASA Astrophysics Data System}
}

@ARTICLE{2004.Kurt,
   author = {{Kurt}, V. and {Belov}, A. and {Mavromichalaki}, H. and {Gerontidou}, M.
    },
    title = "{Statistical analysis of solar proton events}",
  journal = {Annales Geophysicae},
     year = 2004,
    month = jun,
   volume = 22,
    pages = {2255-2271},
   adsurl = {http://adsabs.harvard.edu/abs/2004AnGeo..22.2255K},
  adsnote = {Provided by the SAO/NASA Astrophysics Data System}
}

@ARTICLE{2006.Klein,
   author = {{Klein}, K.-L.},
    title = "{Radio Bursts and Solar Energetic Particle Events}",
  journal = {Washington DC American Geophysical Union Geophysical Monograph Series},
     year = 2006,
   volume = 165,
    pages = {233-+},
   adsurl = {http://adsabs.harvard.edu/abs/2006GMS...165..233K},
  adsnote = {Provided by the SAO/NASA Astrophysics Data System}
}


@ARTICLE{1946.Forbush,
   author = {{Forbush}, S.~E.},
    title = "{Three Unusual Cosmic-Ray Increases Possibly Due to Charged Particles from the Sun}",
  journal = {Physical Review },
     year = 1946,
    month = nov,
   volume = 70,
    pages = {771-772},
      doi = {10.1103/PhysRev.70.771},
   adsurl = {http://adsabs.harvard.edu/abs/1946PhRv...70..771F},
  adsnote = {Provided by the SAO/NASA Astrophysics Data System}
}

@BOOK{aschwanden,
   author = {{Aschwanden}, M.~J.},
    title = "{Physics of the Solar Corona. An Introduction}",
booktitle = {Physics of the Solar Corona},
     year = 2004,
    month = aug,
publisher = {Praxis Publishing Ltd},
   adsurl = {http://adsabs.harvard.edu/abs/2004psci.book.....A},
  adsnote = {Provided by the SAO/NASA Astrophysics Data System}
}


@INPROCEEDINGS{2004.Yashiro,
   author = {{Yashiro}, S. and {Gopalswamy}, N. and {Cliver}, E.~W. and {Reames}, D.~V. and
    {Kaiser}, M.~L. and {Howard}, R.~A.},
    title = "{Association of Coronal Mass Ejections and Type II Radio Bursts with Impulsive Solar Energetic Particle Events}",
booktitle = {The Solar-B Mission and the Forefront of Solar Physics},
     year = 2004,
   series = {Astronomical Society of the Pacific Conference Series},
   volume = 325,
   editor = {{Sakurai}, T. and {Sekii}, T.},
    month = dec,
    pages = {401-+},
   adsurl = {http://adsabs.harvard.edu/abs/2004ASPC..325..401Y},
  adsnote = {Provided by the SAO/NASA Astrophysics Data System}
}

@ARTICLE{1998.O'Brien,
   author = {{O'Brien}, K. and {Friedberg}, W. and {Smart}, D.~F. and {Sauer}, H.~H.
    },
    title = "{The atmospheric cosmic- and solar energetic particle radiation environment at aircraft altitudes}",
  journal = {Advances in Space Research},
     year = 1998,
   volume = 21,
    pages = {1739-1748},
      doi = {10.1016/S0273-1177(98)00060-X},
   adsurl = {http://adsabs.harvard.edu/abs/1998AdSpR..21.1739O},
  adsnote = {Provided by the SAO/NASA Astrophysics Data System}
}

@INPROCEEDINGS{2001.Koskinen,
   author = {{Koskinen}, H.},
    title = "{Space Plasma Environment ans Spacecraft Charging, Sun, Solar Wind Magnetosphere, Ionosphere}",
booktitle = {Spacecraft Charging Technology},
     year = 2001,
   series = {ESA Special Publication},
   volume = 476,
   editor = {{Harris}, R.~A.},
    month = nov,
    pages = {13-+},
   adsurl = {http://adsabs.harvard.edu/abs/2001ESASP.476...13K},
  adsnote = {Provided by the SAO/NASA Astrophysics Data System}
}

@ARTICLE{2006.AGU.Turner,
   author = {{Turner}, R.},
    title = "{Space Weather Challenges Intrinsic to the Human Exploration of Space}",
  journal = {Washington DC American Geophysical Union Geophysical Monograph Series},
     year = 2006,
   volume = 165,
    pages = {367},
   adsurl = {http://adsabs.harvard.edu/abs/2006GMS...165..367T},
  adsnote = {Provided by the SAO/NASA Astrophysics Data System}
}


@INPROCEEDINGS{2002.Jones,
   author = {{Jones}, J. and {Bentley}, R. and {Hunter}, R. and {Taylor}, G. and
    {Thomas}, D.},
    title = "{Space weather effects and commerical airlines}",
booktitle = {34th COSPAR Scientific Assembly},
     year = 2002,
   series = {COSPAR, Plenary Meeting},
   volume = 34,
   adsurl = {http://adsabs.harvard.edu/abs/2002cosp...34E3042J},
  adsnote = {Provided by the SAO/NASA Astrophysics Data System}
}

@INPROCEEDINGS{2002.Grigorieva,
   author = {{Grigorieva}, G.~M. and {Kagan}, M.~B. and {Letin}, V.~A. and
    {Nadorov}, V.~P. and {Evenov}, G.~D. and {Hartov}, V.~V. and
    {Maxirnov}, I.~A.},
    title = "{Analysis of Geostationary Spacecraft Solar Arrays Degradation from Solar Proton Flares}",
booktitle = {Space Power},
     year = 2002,
   series = {ESA Special Publication},
   volume = 502,
   editor = {{Wilson}, A.},
    month = may,
    pages = {725-+},
   adsurl = {http://adsabs.harvard.edu/abs/2002ESASP.502..725G},
  adsnote = {Provided by the SAO/NASA Astrophysics Data System}
}

@ARTICLE{2006.Moore.AGU,
   author = {{Moore}, R.~L. and {Sterling}, A.~C.},
    title = "{Initiation of Coronal Mass Ejections}",
  journal = {Washington DC American Geophysical Union Geophysical Monograph Series},
     year = 2006,
   volume = 165,
    pages = {43},
   adsurl = {http://adsabs.harvard.edu/abs/2006GMS...165...43M},
  adsnote = {Provided by the SAO/NASA Astrophysics Data System}
}

@ARTICLE{2002.Lanzerotti,
   author = {{Lanzerotti}, L.~J.},
    title = "{Space Weather Effects on Technologies: A Tutorial}",
  journal = {AGU Spring Meeting Abstracts},
 keywords = {2499 General or miscellaneous, 2799 General or miscellaneous, 7599 General or miscellaneous, 7899 General or miscellaneous, 2199 General or miscellaneous},
     year = 2002,
    month = may,
    pages = {A2+},
   adsurl = {http://adsabs.harvard.edu/abs/2002AGUSM.U21A..02L},
  adsnote = {Provided by the SAO/NASA Astrophysics Data System}
}

@ARTICLE{2001.Klimchuk,
   author = {{Klimchuk}, J.~A.},
    title = "{Theory of Coronal Mass Ejections}",
  journal = {Space Weather (Geophysical Monograph 125), ed.~P.~Song, H.~Singer, G.~Siscoe (Washington:  Am.~Geophys.~Un.), 143 (2001)},
 keywords = {Sun, coronal mass ejections},
     year = 2001,
   volume = 125,
    pages = {143-+},
   adsurl = {http://adsabs.harvard.edu/abs/2001AGUGM.125..143K},
  adsnote = {Provided by the SAO/NASA Astrophysics Data System}
}

@INPROCEEDINGS{2000.Parker,
   author = {{Parker}, E.~N.},
    title = "{Solar Flares, the Solar Corona, and Solar Physics}",
booktitle = {Highly Energetic Physical Processes and Mechanisms for Emission from Astrophysical Plasmas},
     year = 2000,
   series = {IAU Symposium},
   volume = 195,
   editor = {{Martens}, P.~C.~H. and {Tsuruta}, S. and {Weber}, M.~A.},
    month = may,
    pages = {455-+},
   adsurl = {http://adsabs.harvard.edu/abs/2000IAUS..195..455P},
  adsnote = {Provided by the SAO/NASA Astrophysics Data System}
}

@ARTICLE{2006.Gopalswamy,
   author = {{Gopalswamy}, N.},
    title = "{Coronal Mass Ejections and Type II Radio Bursts}",
  journal = {Washington DC American Geophysical Union Geophysical Monograph Series},
     year = 2006,
   volume = 165,
    pages = {207-+},
   adsurl = {http://adsabs.harvard.edu/abs/2006GMS...165..207G},
  adsnote = {Provided by the SAO/NASA Astrophysics Data System}
}

@ARTICLE{2009.Cliver,
   author = {{Cliver}, E.~W. and {Ling}, A.~G.},
    title = "{Low-Frequency Type III Bursts and Solar Energetic Particle Events}",
  journal = apj,
 keywords = {Sun: activity, Sun: coronal mass ejections: CMEs, Sun: flares, Sun: particle emission, Sun: radio radiation },
     year = 2009,
    month = jan,
   volume = 690,
    pages = {598-609},
      doi = {10.1088/0004-637X/690/1/598},
   adsurl = {http://adsabs.harvard.edu/abs/2009ApJ...690..598C},
  adsnote = {Provided by the SAO/NASA Astrophysics Data System}
}

@ARTICLE{1998.Ergun,
   author = {{Ergun}, R.~E. and {Larson}, D. and {Lin}, R.~P. and {McFadden}, J.~P. and
    {Carlson}, C.~W. and {Anderson}, K.~A. and {Muschietti}, L. and
    {McCarthy}, M. and {Parks}, G.~K. and {Reme}, H. and {Bosqued}, J.~M. and
    {D'Uston}, C. and {Sanderson}, T.~R. and {Wenzel}, K.~P. and
    {Kaiser}, M. and {Lepping}, R.~P. and {Bale}, S.~D. and {Kellogg}, P. and
    {Bougeret}, J.-L.},
    title = "{Wind Spacecraft Observations of Solar Impulsive Electron Events Associated with Solar Type III Radio Bursts}",
  journal = apj,
 keywords = {SUN: FLARES, SUN: PARTICLE EMISSION, SUN: RADIO RADIATION},
     year = 1998,
    month = aug,
   volume = 503,
    pages = {435-+},
      doi = {10.1086/305954},
   adsurl = {http://adsabs.harvard.edu/abs/1998ApJ...503..435E},
  adsnote = {Provided by the SAO/NASA Astrophysics Data System}
}

@ARTICLE{2006.Lin,
   author = {{Lin}, R.~P.},
    title = "{Solar Energetic Electrons, X-rays, and Radio Bursts}",
  journal = {Washington DC American Geophysical Union Geophysical Monograph Series},
     year = 2006,
   volume = 165,
    pages = {199-+},
   adsurl = {http://adsabs.harvard.edu/abs/2006GMS...165..199L},
  adsnote = {Provided by the SAO/NASA Astrophysics Data System}
}

@ARTICLE{2004.Reames.Ng,
   author = {{Reames}, D.~V. and {Ng}, C.~K.},
    title = "{Heavy-Element Abundances in Solar Energetic Particle Events}",
  journal = apj,
 keywords = {Acceleration of Particles, Shock Waves, Sun: Abundances, Sun: Coronal Mass Ejections (CMEs), Sun: Flares, Sun: Particle Emission},
     year = 2004,
    month = jul,
   volume = 610,
    pages = {510-522},
      doi = {10.1086/421518},
   adsurl = {http://adsabs.harvard.edu/abs/2004ApJ...610..510R},
  adsnote = {Provided by the SAO/NASA Astrophysics Data System}
}

@ARTICLE{1988.Reames,
   author = {{Reames}, D.~V.},
    title = "{Bimodal abundances in the energetic particles of solar and interplanetary origin}",
  journal = apjl,
 keywords = {ABUNDANCE, ENERGETIC PARTICLES, INTERPLANETARY MEDIUM, SOLAR FLARES, STELLAR MASS EJECTION, INTERNATIONAL SUN EARTH EXPLORERS, SHOCK WAVE PROPAGATION},
     year = 1988,
    month = jul,
   volume = 330,
    pages = {L71-L75},
      doi = {10.1086/185207},
   adsurl = {http://adsabs.harvard.edu/abs/1988ApJ...330L..71R},
  adsnote = {Provided by the SAO/NASA Astrophysics Data System}
}

@INPROCEEDINGS{1985.Cane,
   author = {{Cane}, H.~V. and {McGuire}, R.~E. and {Vonrosenvinge}, T.~T.
    },
    title = "{Two classes of solar energetic particle events associated with impulsive and long duration soft X-ray flares}",
 keywords = {ENERGETIC PARTICLES, PARTICLE ACCELERATION, PROTONS, SOLAR CORONA, SOLAR FLARES, SOLAR X-RAYS, EJECTION, EXPLORER 50 SATELLITE, INTERNATIONAL SUN EARTH EXPLORERS, SHOCK WAVES},
booktitle = {International Cosmic Ray Conference},
     year = 1985,
   series = {International Cosmic Ray Conference},
   volume = 4,
   editor = {{Jones}, F.~C.},
    month = aug,
    pages = {66-69},
   adsurl = {http://adsabs.harvard.edu/abs/1985ICRC....4...66C},
  adsnote = {Provided by the SAO/NASA Astrophysics Data System}
}

@ARTICLE{1999.Reames,
   author = {{Reames}, D.~V.},
    title = "{Particle acceleration at the Sun and in the heliosphere}",
  journal = {Space Science Reviews},
     year = 1999,
    month = oct,
   volume = 90,
    pages = {413-491},
      doi = {10.1023/A:1005105831781},
   adsurl = {http://adsabs.harvard.edu/abs/1999SSRv...90..413R},
  adsnote = {Provided by the SAO/NASA Astrophysics Data System}
}

@ARTICLE{1986.Cane,
   author = {{Cane}, H.~V. and {McGuire}, R.~E. and {von Rosenvinge}, T.~T.
    },
    title = "{Two classes of solar energetic particle events associated with impulsive and long-duration soft X-ray flares}",
  journal = {apj},
 keywords = {ENERGETIC PARTICLES, PARTICLE ACCELERATION, SOLAR ELECTRONS, SOLAR FLARES, SOLAR RADIO BURSTS, SOLAR X-RAYS, GAMMA RAYS, SHOCK WAVES, SOLAR PROTONS, SOLAR RADIO EMISSION, TYPE 3 BURSTS, TYPE 5 BURSTS},
     year = 1986,
    month = feb,
   volume = 301,
    pages = {448-459},
      doi = {10.1086/163913},
   adsurl = {http://adsabs.harvard.edu/abs/1986ApJ...301..448C},
  adsnote = {Provided by the SAO/NASA Astrophysics Data System}
}

@ARTICLE{2005.Tylka,
   author = {{Tylka}, A.~J. and {Cohen}, C.~M.~S. and {Dietrich}, W.~F. and
    {Lee}, M.~A. and {Maclennan}, C.~G. and {Mewaldt}, R.~A. and
    {Ng}, C.~K. and {Reames}, D.~V.},
    title = "{Shock Geometry, Seed Populations, and the Origin of Variable Elemental Composition at High Energies in Large Gradual Solar Particle Events}",
  journal = {apj},
 keywords = {Acceleration of Particles, Shock Waves, Sun: Coronal Mass Ejections (CMEs), Sun: Flares, Sun: Particle Emission},
     year = 2005,
    month = may,
   volume = 625,
    pages = {474-495},
      doi = {10.1086/429384},
   adsurl = {http://adsabs.harvard.edu/abs/2005ApJ...625..474T},
  adsnote = {Provided by the SAO/NASA Astrophysics Data System}
}

@MISC{Lagrange,
   title = {What are Lagrange Points?}",
   author = {European Space Agency},
   howpublished = {\url{http://www.esa.int/esaSC/SEMM17XJD1E_index_2.html}}
}


@ARTICLE{Reames.SEP,
   author = {{Tylka}, A.~J. and {Cohen}, C.~M.~S. and {Dietrich}, W.~F. and
    {Lee}, M.~A. and {Maclennan}, C.~G. and {Mewaldt}, R.~A. and
    {Ng}, C.~K. and {Reames}, D.~V.},
    title = "{Shock Geometry, Seed Populations, and the Origin of Variable Elemental Composition at High Energies in Large Gradual Solar Particle Events}",
  journal = {apj},
 keywords = {Acceleration of Particles, Shock Waves, Sun: Coronal Mass Ejections (CMEs), Sun: Flares, Sun: Particle Emission},
     year = 2005,
    month = may,
   volume = 625,
    pages = {474-495},
      doi = {10.1086/429384},
   adsurl = {http://adsabs.harvard.edu/abs/2005ApJ...625..474T},
  adsnote = {Provided by the SAO/NASA Astrophysics Data System}
}

@BOOK{2004.Foukal,
   author = {{Foukal}, P.~V.},
    title = "{Solar Astrophysics, 2nd, Revised Edition}",
booktitle = {Solar Astrophysics, 2nd, Revised Edition, by Peter V.~Foukal, pp.~480.~ISBN 3-527-40374-4.~Wiley-VCH , April 2004.},
     year = 2004,
    month = apr,
   editor = {{Foukal}, P.~V.},
   adsurl = {http://adsabs.harvard.edu/abs/2004soas.book.....F},
  adsnote = {Provided by the SAO/NASA Astrophysics Data System}
}

@BOOK{2007.Bothmer,
   author = {{Bothmer}, V. and {Daglis}, I.~A.},
    title = "{Space Weather -- Physics and Effects}",
booktitle = {Space Weather -- Physics and Effects, by Volker Bothmer and Ioannis A.~Daglis.~ISBN 978-3-540-23907-9.~Published by Praxis Publishing, Chichester, UK, and Springer Science+Business Media, LLC, New York, NY USA, 2007.},
     year = 2007,
   editor = {{Bothmer}, V. and {Daglis}, I.~A.},
publisher = {Praxis Publishing}
}

@BOOK{2003.Lambeth,
    author = {{Lambeth}, B.~S.},
    title = "{Mastering the Ultimate High Ground: Next Steps in the Military Uses of Space}",
    booktitle = {Mastering the Ultimate High Ground},
    year = 2003,
    publisher = {RAND Publishing}
}

@ARTICLE{2005.Townsend,
    author = {{Townsned}, L.~W. and {Neal}, J.~S.},
    title = "{A Simple Method for Solar Energetic Particle Event Dose Forecasting}",
    journal = {Radiation Measurements},
    year = 2005,
    month = June,
    volume = 41,
    pages = {1136-1141},
}

@BOOK{Prolss,
   author = {{Pr{\"o}lss}, G.~W. and {Bird}, M.~K.},
    title = "{Physics of the Earth's Space Environment: an introduction}",
booktitle = {Physics of the Earth's Space Environment: an introduction by Gerd W.~Pr{\"o}lss, translated by Dr Michael Keith Bird.~ Published by Springer-Verlag Berlin Heidelberg, 2004.},
     year = 2004,
   editor = {{Pr{\"o}lss}, G.~W. and {Bird}, M.~K.},
publisher = {Springer-Verlag Berlin Heidelberg},
   adsurl = {http://adsabs.harvard.edu/abs/2004pese.book.....P},
  adsnote = {Provided by the SAO/NASA Astrophysics Data System}
}

@BOOK{Gurnett,
   author = {{Gurnett}, D.~A. and {Bhattacharjee}, A.},
    title = "{Introduction to Plasma Physics}",
booktitle = {Introduction to Plasma Physics, by D.~A.~Gurnett and A.~Bhattacharjee, pp.~462.~ISBN 0521364833.~Cambridge, UK: Cambridge University Press, January 2005.},
     year = 2005,
    month = jan,
   editor = {{Gurnett}, D.~A. and {Bhattacharjee}, A.},
   adsurl = {http://adsabs.harvard.edu/abs/2005ipp..book.....G},
  adsnote = {Provided by the SAO/NASA Astrophysics Data System}
}

@BOOK{Tascione,
   author = {{Tascione}, T.~F.},
    title = "{Introduction to the space environment.}",
booktitle = {IEEE Transactions on Software Engineering},
     year = 1988,
   editor = {{Tascione}, T.~F.},
   adsurl = {http://adsabs.harvard.edu/abs/1988itse.book.....T},
  adsnote = {Provided by the SAO/NASA Astrophysics Data System}
}
