
@article{dumArticle,
  author =  {Authors Name},
  title =  {Article Title},
  journal = {Journel Title},
  pages = {201-208},
  volume = {1},
  number = {1},
  year = {2009}
}

@book{dumBook,
   author={Another A. Name},
   title={Book Title},
   publisher={College Publishing},
   year=2008,
   address={Anytown, State}
}
	
@incollection{dumCollection,
  author = {},
  title =  {},
  pages = {},
  editor =  {},
  booktitle =  {},
  publisher = {},
  address = {},
  year = ,
  edition = {}
}

@inproceedings{dumProceedings,
  author =  {},
  title =  {},
  pages = {},
  booktitle = {},
  publisher = {},
  address = {},
  month = {},
  year = {}
}

@manual{dumManual,
  title = {},
  organization =  {},
  address = {},
  month = {},
  year = ,
  note = {Available at \\{\em http://www./.html}}
}

@mastersthesis{dumThesis,
  author =  {},
  title =  {},
  school = {Air Force Institute of Technology},
  year = {}
}

@Misc{notyetpublished,
   author = {},
   title = {}, 
   howpublished = {submitted to {\em SPIE}},
   month = {},
   year = {}
}

@Misc{webpage,
  title = {},
  howpublished = {World Wide Web Page},
  note = {Available at \\{\em https://www./.html}}
}

@phdthesis{dumDissertation,
  author =  {},
  title =  {},
  school = {Air Force Institute of Technology},
  year = {}
}

@techreport{AFITStyle,
  organization =  {Office of Research},
  title = {STYLE GUIDE FOR AFIT DISSERTATIONS, THESES AND GRADUATE RESEARCH PAPERS },
  institution =  {Air Force Institute of Technology},
  year = 2009,
  number = {}
}


